<?xml version="1.0" encoding="UTF-8"?>
<collection xmlns:xsi="http://www.w3.org/2001/XMLSchema-instance" xsi:schemaLocation="http://www.loc.gov/MARC21/slim http://www.loc.gov/standards/marcxml/schema/MARC21slim.xsd" xmlns="http://www.loc.gov/MARC21/slim">
<record>
  <leader>00914cam a2200253 a 4500</leader>
  <controlfield tag="001">2980101</controlfield>
  <controlfield tag="003">NNC</controlfield>
  <controlfield tag="005">20130520200131.0</controlfield>
  <controlfield tag="008">000828s1960    iq            000 0 arard</controlfield>
  <datafield tag="035" ind1=" " ind2=" ">
    <subfield code="a">(OCoLC)ocm44889692</subfield>
  </datafield>
  <datafield tag="035" ind1=" " ind2=" ">
    <subfield code="9">ASM7178CU</subfield>
  </datafield>
  <datafield tag="035" ind1=" " ind2=" ">
    <subfield code="a">(NNC)2980101</subfield>
  </datafield>
  <datafield tag="035" ind1=" " ind2=" ">
    <subfield code="a">2980101</subfield>
  </datafield>
  <datafield tag="040" ind1=" " ind2=" ">
    <subfield code="a">IUL</subfield>
    <subfield code="c">IUL</subfield>
    <subfield code="d">ZCU</subfield>
  </datafield>
  <datafield tag="050" ind1=" " ind2="4">
    <subfield code="a">PJ6151</subfield>
    <subfield code="b">.S187</subfield>
  </datafield>
  <datafield tag="090" ind1=" " ind2=" ">
    <subfield code="a">PJ6142</subfield>
    <subfield code="b">.S2</subfield>
  </datafield>
  <datafield tag="100" ind1="1" ind2=" ">
    <subfield code="a">Sāmarrāʼī, Ibrāhīm.</subfield>
  </datafield>
  <datafield tag="245" ind1="1" ind2="0">
    <subfield code="a">Fī al-tadhkīr wa-al-taʾnīth :</subfield>
    <subfield code="b">baḥth maʻa taḥqīq Kitāb al-tadhkīr wa-al-taʾnīth li-Abī Ḥātim al-Sijistānī /</subfield>
    <subfield code="c">li-Ibrāhīm al-Sāmarrāʾī.</subfield>
  </datafield>
  <datafield tag="260" ind1=" " ind2=" ">
    <subfield code="a">[Bagdad :</subfield>
    <subfield code="b">s.n.,</subfield>
    <subfield code="c">1960?]</subfield>
  </datafield>
  <datafield tag="300" ind1=" " ind2=" ">
    <subfield code="a">31 p.</subfield>
    <subfield code="c">24 cm.</subfield>
  </datafield>
  <datafield tag="500" ind1=" " ind2=" ">
    <subfield code="a">Baḥth mustall min Majallat risālat al-Islām, al-ʻadad 7 &amp; 8]</subfield>
  </datafield>
  <datafield tag="650" ind1=" " ind2="0">
    <subfield code="a">Arabic language</subfield>
    <subfield code="x">Gender.</subfield>
  </datafield>
  <datafield tag="700" ind1="1" ind2=" ">
    <subfield code="a">Sijistānī, Abū Ḥātim Sahl ibn Muḥammad,</subfield>
    <subfield code="d">-869.</subfield>
    <subfield code="t">Tadhkīr wa-al-taʼnīth.</subfield>
  </datafield>
  <datafield tag="955" ind1=" " ind2=" ">
    <subfield code="b">0036760153</subfield>
    <subfield code="d">glx</subfield>
    <subfield code="e">PJ6142 .S2</subfield>
  </datafield>
</record>
</collection>